@misc{noauthor_artba_nodate,
	title = {{ARTBA} {Bridge} {Report}},
	url = {https://artbabridgereport.org},
	abstract = {ARTBAâ€™s annual Bridge Report is a comprehensive analysis of the condition of bridges in the United States},
	urldate = {2025-04-25},
	file = {Snapshot:files/64/NE.html:text/html},
}

@misc{noauthor_bridge_nodate,
	title = {Bridge - {NDOT}},
	url = {https://dot.nebraska.gov/business-center/bridge/},
	urldate = {2025-05-04},
	file = {Bridge - NDOT:files/66/bridge.html:text/html},
}

@article{franklin2024,
	title = {The Francis Scott Key Bridge in Baltimore collapses, 6 feared dead},
	author = {Franklin, Jonathan},
	year = {2024},
	month = {03},
	date = {2024-03-26},
	journal = {NPR},
	url = {https://www.npr.org/2024/03/26/1240857704/francis-scott-key-bridge-collapse-baltimore},
	langid = {en}
}
